@online{Amazon16,
  author = {{Amazon.com, Inc.}},
  title = {Amazon Prime Air},
  year = 2016,
  url = {http://www.amazon.com/b?node=8037720011},
  urldate = {2016-02-16}
}

@online{BBC16,
  author = {{BBC Technology}},
  title = {Google plans drone delivery service for 2017},
  year = 2016,
  url = {http://www.bbc.com/news/technology-34704868},
  urldate = {2016-02-16}
}

@online{AUVSI16,
  author = {{AUVSI News}},
  title = {{UAS} Aid in South Carolina Tornado Investigation},
  year = 2016,
  url = {http://www.auvsi.org/blogs/auvsi-news/2016/01/29/tornado},
  urldate = {2016-02-16}
}

@online{NASA16,
  author = {{National Aeronautics and Space Administration}},
  title = {Challenge is On to Design Sky for All},
  year = 2016,
  url = {http://www.nasa.gov/feature/challenge-is-on-to-design-sky-for-all},
  urldate = {2016-02-12}
}

@ARTICLE{Tice91,
	title={Unmanned Aerial Vehicles -- The Force Multiplier of the 1990s},
	author={Tice, Brian P.},
	journal={Airpower Journal},
	year={1991},
}

@techreport{FAA13,
  author = {{Jointed Planning and Development Office (JPDO)}},
  title = {Unmanned Aircraft Systems {(UAS)} Comprehensive Plan -- A Report on the Nation's {UAS} Path Forward},
  institution = {Federal Aviation Administration},
  year = {2013}
}

@inproceedings{Debusk10, 
  author={Wesley M. Debusk}, 
  booktitle={Infotech@Aerospace Conferences}, 
  title={Unmanned Aerial Vehicle Systems for Disaster Relief: Tornado Alley}, 
  year={2010}, 
}

@article{Fiorini98,
  author = {Paolo Fiorini and Zvi Shillert},
  title = {Motion Planning in Dynamic Environments using Velocity Obstacles},
  journal = {International Journal of Robotics Research},
  year = {1998},
  volume = {17},
  pages = {760--772}
}

@inproceedings{Vandenberg08,
  author={Jur van den Berg and Ming C. Lin and Dinesh Manocha},
  booktitle={IEEE International Conference on Robotics and Automation}, 
  title={Reciprocal Velocity Obstacles for real-time multi-agent navigation}, 
  year={2008}, 
  month={May}, 
  pages={1928--1935}, 
  doi={10.1109/ROBOT.2008.4543489}, 
  ISSN={1050--4729}
}

@inproceedings{Chasparis05, 
  author={Georgios C. Chasparis and J. S. Shamma}, 
  booktitle={Proceedings of American Control Conference}, 
  title={Linear-programming-based multi-vehicle path planning with adversaries}, 
  year={2005}, 
  month={June}, 
  doi={10.1109/ACC.2005.1470103}, 
  ISSN={0743-1619}
}

@inproceedings{Saber02,
  author = {Reza Olfati-Saber and Richard M. Murray},
  title = {Distributed Cooperative Control of Multiple Vehicle Formations Using Structural Potential Functions},
  booktitle = {IFAC World Congress},
  year = {2002}
}

@inproceedings{Chuang07, 
  author={Yao-Li Chuang and Y.R. Huang and M. R. D'Orsogna and A. L. Bertozzi}, 
  booktitle={IEEE International Conference onRobotics and Automation}, 
  title={Multi-Vehicle Flocking: Scalability of Cooperative Control Algorithms using Pairwise Potentials}, 
  year={2007}, 
  month={April}, 
  pages={2292-2299}, 
  doi={10.1109/ROBOT.2007.363661}, 
  ISSN={1050-4729}
}

@inproceedings{Huang11, 
  author={Haomiao Huang and Ding, J. and Wei Zhang and Tomlin, C.J.}, 
  booktitle={Robotics and Automation (ICRA), 2011 IEEE International Conference on}, 
  title={A differential game approach to planning in adversarial scenarios: A case study on capture-the-flag}, 
  year={2011}, 
  pages={1451-1456}, 
  ISSN={1050-4729}
}

@article{Bayen07,
  title={Aircraft Autolander Safety Analysis Through Optimal Control-Based Reach Set Computation},
  author={Alexandre M. Bayen and Ian M. Mitchell and Meeko Oishi and Claire J. Tomlin},
  journal={Journal of Guidance, Control, and Dynamics},
  volume={30},
  number={1},
  year={2007}
}

@inproceedings{Ding08,
  title={Reachability Calculations for Automated Aerial Refueling},
  author={Jerry Ding and Jonathan Sprinkle and S. Shankar Sastry and Claire J. Tomlin},
  booktitle={IEEE Conference on Decision and Control},
  address={Cancun, Mexico},
  year={2008},
}

@inproceedings{Chen15b,
  title = {Safe Platooning of Unmanned Aerial Vehicles via Reachability},
  author = {Mo Chen and Qie Hu and Casey Mackin and Jaime Fisac and Claire J. Tomlin},
  booktitle = {IEEE Conference on Decision and Control},
  year = {2015}
}

@book{Coddington55,
  author = {Coddington, Earl A and Levinson, Norman},
  publisher = {Tata McGraw-Hill Education},
  title = {{Theory of ordinary differential equations}},
  year = {1955}
}

@article{Margellos11, 
  author={K. Margellos and J. Lygeros}, 
  journal={IEEE Transactions on Automatic Control}, 
  title={{Hamilton-Jacobi Formulation for Reach-Avoid Differential Games}}, 
  year={2011}, 
  month={Aug}, 
  volume={56}, 
  number={8}, 
  ISSN={0018-9286}
}

@inproceedings{Chen15,
  title = {Safe Sequential Path Planning of Multi-Vehicle Systems via Double-Obstacle Hamilton-Jacobi-Isaacs Variational Inequality},
  author = {Mo Chen and Jaime Fisac and Claire J. Tomlin and Shankar Sastry},
  booktitle = {European Control Conference},
  year = {2015}
}

@article{Mitchell05,
  title={A time-dependent {Hamilton-Jacobi} formulation of reachable sets for continuous dynamic games},
  author={Mitchell, I.M. and Bayen, A.M. and Tomlin, C.J.},
  journal={IEEE Transactions on Automatic Control},
  year={July 2005},
  volume={50},
  number={7},
  pages={947-957},
  doi={10.1109/TAC.2005.851439}
}

@article{Barron90,
  author = {E. N. Barron},
  journal = {Nonlinear analysis: Theory, methods \& applications},
  pages = {971--989},
  title = {{Differential Games with Maximum Cost}},
  year = {1990}
}

@article{Bokanowski10,
  author = {Olivier Bokanowski and Nicolas Forcadel and Hasnaa Zidani},
  journal = {SIAM Journal on Control and Optimization},
  pages = {1--24},
  title = {{Reachability and minimal times for state constrained nonlinear problems without any controllability assumption}},
  year = {2010}
}

@article{Crandall83,
  title = {Viscosity Solutions of {Hamilton-Jacobi} Equations},
  author = {Crandall, Michael G. and Lions, Pierre-Louis},
  journal = {Transactions of the American Mathematical Society},
  volume = {277},
  number = {1},
  pages = {1-42},
  year = {1983},
  publisher = {American Mathematical Society}
}

@inproceedings{Fisac15,
  title = {Reach-Avoid Problems with Time-Varying Dynamics, Targets and   Constraints},
  author = {Jaime F. Fisac and Mo Chen and Claire J. Tomlin and S. Shankar Shankar},
  booktitle = {18th International Conference on Hybrid Systems: Computation and Controls},
  year = {2015}
}

@article{Sethian96,
  author = {J. A. Sethian}, 
  title = {A fast marching level set method for monotonically advancing fronts},
  volume = {93}, 
  number = {4}, 
  pages = {1591-1595}, 
  year = {1996}, 
  journal = {Proceedings of the National Academy of Sciences} 
}

@book{Osher02,
  author = {Stanley Osher and Ronald Fedkiw},
  title = {Level Set Methods and Dynamic Implicit Surfaces},
  publisher = {Springer-Verlag},
  year = {2002}
}

@book{LSToolbox,
	author = {Ian Mitchell},
	title = {{A Toolbox of Level Set Methods}},
	url = {\url{http://people.cs.ubc.ca/~mitchell/ToolboxLS/index.html}},
	year = {2009}
}

@Inbook{Majumdar2013,
  author={Anirudha Majumdar and Russ Tedrake},
  chapter={Robust Online Motion Planning with Regions of Finite Time Invariance},
  title={Algorithmic Foundations of Robotics X: Proceedings of the Tenth Workshop on the Algorithmic Foundations of Robotics},
  year={2013},
  publisher={Springer Berlin Heidelberg},
  pages={543--558},
  isbn={978-3-642-36279-8},
}

@article{Bokanowski11,
title = {Minimal Time Problems with Moving Targets and Obstacles},
author = {Olivier Bokanowski and Hasnaa Zidani},
journal = {\{IFAC\} Proceedings Volumes},
volume = {44},
number = {1},
pages = {2589 - 2593},
year = {2011}
}

@inproceedings{Kopardekar16,
  author = {Parimal Kopardekar and Joseph Rios and Thomas Prevot and Marcus Johnson and Jaewoo Jung and John E. Robinson III},
  title = {{UAS} Traffic Management ({UTM}) Concept of Operations to Safely Enable Low Altitude Flight Operations},
  booktitle = {AIAA Aviation Technology, Integration, and Operations Conference},
  year = {2016},
}