@article{Tice91,
author = {Tice, B.P.},
journal = {Airpower Journal},
title = {Unmanned Aerial Vehicles: {The} Force Multiplier of the 1990s},
year = {1991}
}

@inproceedings{Debusk10,
  author = {DeBusk, W.},
  booktitle = {Infotech@ Aerospace Conferences},
  title = {Unmanned Aerial Vehicle Systems for Disaster Relief: {Tornado} Alley},
  year = {2010}
}


@misc{Amazon16,
author = {{Amazon.com, Inc.}},
title = {{Amazon Prime Air}},
url = {http://www.amazon.com/b?node=8037720011},
year = {2016},
}

@misc{AUVSI16,
author = {{AUVSI News}},
title = {{UAS} Aid in {South Carolina} Tornado Investigation},
url = {http://www.auvsi.org/blogs/auvsi-news/2016/01/29/tornado},
year = {2016}
}

@misc{BBC16,
author = {{BBC Technology}},
title = {{Google} plans drone delivery service for 2017},
url = {http://www.bbc.com/news/technology-34704868},
year = {2016}
}

@techreport{FAA13,
author = {{Joint Planning and Development Office}},
institution = {{Federal Aviation Administration}},
title = {{Unmanned Aircraft Systems (UAS)} Comprehensive Plan},
year = {2014}
}

@inproceedings{Kopardekar16,
  author = {Prevot, T. and Rios, J. and Kopardekar, P. and {Robinson III}, J.E. and Johnson, M. and Jung, J.},
  booktitle = {Proc. AIAA Aviation Technol., Integration, and Operations Conf.},
  title = {{UAS Traffic Management (UTM)} Concept of Operations to Safely Enable Low Altitude Flight Operations},
  year = {2016}
}


@article{Fiorini98,
  author = {Fiorini, P. and Shiller, Z.},
  journal = {Int. J. Robotics Research},
  month = {Jul.},
  number = {7},
  pages = {760--772},
  title = {Motion Planning in Dynamic Environments Using Velocity Obstacles},
  volume = {17},
  year = {1998}
}


@inproceedings{Chasparis05,
  author = {Chasparis, G.C. and Shamma, J.S.},
  booktitle = {Proc. Amer. Control Conf.},
  title = {Linear-programming-based multi-vehicle path planning with adversaries},
  year = {2005}
}

@article{Fisac2017,
	title={A General Safety Framework for Learning-Based Control in Uncertain Robotic Systems},
	author={Fisac, J.F. and Akametalu, A.K. and Zeilinger, M.N. and Kaynama, S. and Gillula, J. and Tomlin, C.J.},
	journal={arXiv preprint arXiv:1705.01292},
	year={2017}
}

@inproceedings{Akametalu2014,
	title={Reachability-based safe learning with {Gaussian} processes},
	author={Akametalu, A.K. and Fisac, J.F. and Gillula, J.H. and Kaynama, S. and Zeilinger, M.N. and Tomlin, C.J.},
	booktitle={Proc. IEEE Conf. Decision and Control},
	year={2014},
}

@article{Chen2016b,
	title={Exact and efficient {Hamilton-Jacobi}-based guaranteed safety analysis via system decomposition},
	author={Chen, M. and Herbert, S. and Tomlin, C.J.},
	journal={Proc. IEEE Int. Conf. Robotics and Automation},
	year={2017}
}

@inproceedings{Chen2016a,
	title={Fast reachable set approximations via state decoupling disturbances},
	author={Chen, M. and Herbert, S. and Tomlin, C.J.},
	booktitle={Proc. IEEE Conf. Decision and Control},
	year={2016},
}

@article{Chen2016c,
	title={Decomposition of Reachable Sets and Tubes for a Class of Nonlinear Systems},
	author={Chen, M. and Herbert, S.L. and Vashishtha, M.S. and Bansal, S. and Tomlin, C.J.},
	journal={arXiv preprint arXiv:1611.00122},
	year={2016}
}

@article{Herbert2017,
	title={{FaSTrack}: a Modular Framework for Fast and Guaranteed Safe Motion Planning},
	author={Herbert, S. and Chen, M. and Han, S. and Bansal, S. and Fisac, J.F. and Tomlin, C.J.},
	journal={Proc. IEEE Conf. Decision and Control},
	year={2017}
}

@inproceedings{Vandenberg08,
  author = {Van den Berg, J. and Ming, L. and Manocha, D.},
  booktitle = {Proc. IEEE Int. Conf. Robotics and Automation},
  title = {Reciprocal Velocity Obstacles for real-time multi-agent navigation},
  year = {2008}
}


@inproceedings{Ahmadzadeh2009,
  author = {Ahmadzadeh, A. and Motee, N. and Jadbabaie, A. and Pappas, G.},
  booktitle = {Proc. IEEE Int. Conf. Robotics and Automation},
  title = {Multi-vehicle path planning in dynamically changing environments},
  year = {2009}
}

@inproceedings{Feng-LiLian2002,
  author = {Lian, F.L. and Murray, R.},
  booktitle = {Proc. IEEE Conf. Decision and Control},
  title = {Real-time trajectory generation for the cooperative path planning of multi-vehicle systems},
  year = {2002}
}

@inproceedings{Bellingham,
  author = {Bellingham, J.S. and Tillerson, M. and Alighanbari, M. and How, J.P.},
  booktitle = {Proc. IEEE Conf. Decision and Control},
  title = {Cooperative path planning for multiple {UAVs} in dynamic and uncertain environments},
  year = {2002}
}


@article{Olfati-Saber2002,
  author = {Olfati-Saber, R. and Murray, R.M.},
  journal = {IFAC Proceedings Volumes},
  number = {1},
  pages = {495--500},
  title = {DISTRIBUTED COOPERATIVE CONTROL OF MULTIPLE VEHICLE FORMATIONS USING STRUCTURAL POTENTIAL FUNCTIONS},
  volume = {35},
  year = {2002}
}

@inproceedings{Chuang07,
  author = {Chuang, Y.L. and Huang, Y.R. and D'Orsogna, M.R. and Bertozzi, A.L.},
  booktitle = {Proc. IEEE Int. Conf. Robotics and Automation},
  title = {Multi-vehicle flocking: Scalability of cooperative control algorithms using pairwise potentials},
  year = {2007}
}

@article{Barron90,
  author = {Barron, E.N.},
  journal = {Nonlinear analysis: Theory, methods \& applications},
  number = {11},
  pages = {971--989},
  title = {Differential games with maximum cost},
  volume = {14},
  year = {1990}
}

@article{Mitchell05,
  author = {Mitchell, I.M. and Bayen, A.M. and Tomlin, C.J.},
  journal = {IEEE Trans. Autom. Control},
  number = {7},
  pages = {947--957},
  title = {{A time-dependent Hamilton-Jacobi formulation of reachable sets for continuous dynamic games}},
  volume = {50},
  year = {2005}
}

@article{Bokanowski10,
  author = {Bokanowski, O. and Forcadel, N. and Zidani, H.},
  journal = {J. Control and Optimization},
  number = {7},
  pages = {4292--4316},
  title = {Reachability and Minimal Times for State Constrained Nonlinear Problems without Any Controllability Assumption},
  volume = {48},
  year = {2010}
}

@article{Bokanowski11,
  author = {Bokanowski, O. and Zidani, H.},
  journal = {IFAC Proceedings Volumes},
  number = {1},
  pages = {2589--2593},
  title = {MINIMAL TIME PROBLEMS WITH MOVING TARGETS AND OBSTACLES},
  volume = {44},
  year = {2011}
}

@article{Margellos11,
  author = {Margellos, K. and Lygeros, J.},
  journal = {IEEE Trans. Autom. Control},
  number = {8},
  pages = {1849--1861},
  title = {{Hamilton–Jacobi} Formulation for Reach–Avoid Differential Games},
  volume = {56},
  year = {2011}
}

@inproceedings{Fisac15,
  author = {Fisac, J.F. and Chen, M. and Tomlin, C.J. and Sastry, S.S.},
  booktitle = {Proc. ACM Int. Conf. Hybrid Systems: Computation and Control},
  title = {{Reach-avoid problems with time-varying dynamics, targets and constraints}},
  year = {2015}
}

@inproceedings{Ding08,
  author = {Ding, J. and Sprinkle, J. and Sastry, S.S. and Tomlin, C.J.},
  booktitle = {Proc. IEEE Conf. Decision and Control},
  title = {{Reachability calculations for automated aerial refueling}},
  year = {2008}
}

@inproceedings{Huang11,
  author = {Huang, H. and Ding, J. and Zhang, W. and Tomlin, C.J.},
  booktitle = {Proc. IEEE Int. Conf. Robotics and Automation},
  title = {A differential game approach to planning in adversarial scenarios: A case study on capture-the-flag},
  year = {2011}
}

@article{Bayen07,
  author = {Bayen, A.M. and Mitchell, I.M. and Osihi, M.K. and Tomlin, C.J.},
  journal = {AIAA J. Guidance, Control, and Dynamics},
  number = {1},
  pages = {68--77},
  title = {Aircraft Autolander Safety Analysis Through Optimal Control-Based Reach Set Computation},
  volume = {30},
  year = {2007}
}

@book{EarlA.Coddington1955,
author = {Coddington, E.A. and Levinson, N.},
publisher = {Tata McGraw-Hill Education},
title = {{Theory of ordinary differential equations}},
year = {1955}
}

@inproceedings{Chen15c,
  author = {Chen, M. and Fisac, J.F. and Sastry, S.S. and Tomlin, C.J.},
  booktitle = {Proc. European Control Conf.},
  title = {Safe sequential path planning of multi-vehicle systems via double-obstacle {Hamilton-Jacobi-Isaacs} variational inequality},
  year = {2015}
}

@article{Mitchell07b,
  title={A toolbox of level set methods},
  author={Mitchell, I.M.},
  journal={{Department of Computer Science, University of British Columbia, Vancouver, BC, Canada, http://www. cs. ubc. ca/\~{} mitchell/ToolboxLS/toolboxLS.pdf, Tech. Rep. TR-2004-09}},
  year={2004}
}

@book{Osher02,
author = {Osher, S. and Fedkiw, R.},
publisher = {Springer-Verlag},
title = {Level Set Methods and Dynamic Implicit Surfaces},
year = {2006}
}

@article{Sethian96,
  author = {Sethian, J.A.},
  journal = {National Academy of Sciences},
  number = {4},
  pages = {1591--1595},
  title = {A fast marching level set method for monotonically advancing fronts},
  volume = {93},
  year = {1996}
}


@phdthesis{Mitchell02,
author = {Mitchell, I.M.},
school = {Stanford University},
title = {Application of Level Set Methods to Control and Reachability Problems in Continuous and Hybrid Systems},
year = {2002}
}

@inproceedings{Hoffmann2008,
  author = {Hoffmann, G.M. and Tomlin, C.J.},
  booktitle = {Proc. IEEE Conf. Decision and Control},
  title = {Decentralized cooperative collision avoidance for acceleration constrained vehicles},
  year = {2008}
}

@inproceedings{Bansal2017,
author = {Bansal, S. and Chen, M. and Fisac, J.F. and Tomlin, C.J.},
booktitle = {Proc. Amer. Control Conf.},
title = {Safe Sequential Path Planning of Multi-Vehicle Systems Under Presence of Disturbances and Imperfect Information},
year = {2017}
}

@inproceedings{Lalish2008,
  author = {Lalish, E. and Morgansen, K.A. and Tsukamaki, T.},
  booktitle = {Proc. Amer. Control Conf.},
  title = {Decentralized reactive collision avoidance for multiple unicycle-type vehicles},
  year = {2008}
}

@inproceedings{Chen2016,
author = {Chen, M. and Shih, J.C. and Tomlin, C.J.},
booktitle = {Proc. IEEE Conf. Decision and Control},
title = {Multi-Vehicle Collision Avoidance via {Hamilton-Jacobi} Reachability and Mixed Integer Programming},
year = {2016}
}

@article{Wu2012,
  author = {Wu, A. and How, J.P.},
  journal = {Autonomous Robots},
  number = {3},
  pages = {227--242},
  title = {Guaranteed infinite horizon avoidance of unpredictable, dynamically constrained obstacles},
  volume = {32},
  year = {2012}
}

@inproceedings{Lin2015,
  author = {Lin, Y. and Saripalli, S.},
  booktitle = {Proc. Int. Conf. Unmanned Aircraft Systems},
  title = {Collision avoidance for {UAVs} using reachable sets},
  year = {2015}
}


@inproceedings{Althoff2011,
  author = {Althoff, M. and Dolan, J.M.},
  booktitle = {Proc. IEEE Int. Conf. Intelligent Transportation Systems},
  title = {Set-based computation of vehicle behaviors for the online verification of autonomous vehicles},
  year = {2011}
}


@inproceedings{Massink2001,
  author = {Massink, M. and {De Francesco}, N.},
  booktitle = {Proc. Int. Conf. Engineering of Complex Computer Systems},
  title = {Modelling free flight with collision avoidance},
  year = {2001}
}


@article{Stipanovic2007,
  author = {Stipanović, D.M. and Hokayem, P.F. and Spong, M.W. and Šiljak, D.D.},
  journal = {ASME J. Dynamic Systems, Measurement, and Control},
  number = {5},
  pages = {699},
  title = {Cooperative Avoidance Control for Multiagent Systems},
  volume = {129},
  year = {2007}
}

@inproceedings{Beard2003,
  author = {Beard, R.W. and McLain, T.W.},
  booktitle = {Proc. IEEE Conf. Decision and Control},
  title = {{Multiple UAV cooperative search under collision avoidance and limited range communication constraints}},
  year = {2003}
}

@inproceedings{Schouwenaars2004,
  author = {Schouwenaars, T. and Feron, E.},
  booktitle = {Proc. AIAA Guidance, Navigation and Control Conf.},
  title = {Decentralized Cooperative Trajectory Planning of Multiple Aircraft with Hard Safety Guarantees},
  year = {2004}
}

@inproceedings{VandenBerg2005,
  author = {Van den Berg, J.P. and Overmars, M.H.},
  booktitle = {Proc. IEEE Int. Conf. Intelligent Robots and Systems},
  title = {{Prioritized motion planning for multiple robots}},
  year = {2005}
}

@article{Erdmann1987,
  author = {Erdmann, M. and Lozano-P{\'{e}}rez, T.},
  journal = {Algorithmica},
  number = {1-4},
  pages = {477--521},
  title = {{On multiple moving objects}},
  volume = {2},
  year = {1987}
}

@mastersthesis{Bouffard12,
  author={Bouffard, P.},
  title={On-board Model Predictive Control of a Quadrotor Helicopter: Design, Implementation, and Experiments},
  school={University of California, Berkeley},
  year={2012},
}

@article{darbon2016algorithms,
  title={Algorithms for overcoming the curse of dimensionality for certain {Hamilton-Jacobi} equations arising in control theory and elsewhere},
  author={Darbon, J. and Osher, S.},
  journal={Research in the Math. Sciences},
  volume={3},
  number={1},
  pages={19},
  year={2016},
}

@techreport{evans1983differential,
  title={Differential Games and Representation Formulas for Solutions of {Hamilton-Jacobi-Isaacs} Equations},
  author={Evans, L.C. and Souganidis, P.E.},
  year={1983},
  institution={WISCONSIN UNIV-MADISON MATHEMATICS RESEARCH CENTER}
}

@inproceedings{mitchell2007comparing,
  title={Comparing forward and backward reachability as tools for safety analysis},
  author={Mitchell, I.M.},
  booktitle={Proc. Int. Workshop on Hybrid Systems: Computation and Control},
  year={2007},
}

@book{evans2010partial,
  title={Partial differential equations},
  author={Evans, L.C.},
  year={2010},
  publisher={Amer. Math. Soc.}
}

@article{Chen2017,
  author = {Chen, M. and Hu, Q. and Fisac, J.F. and Akametalu, K. and Mackin, C. and Tomlin, C.J.},
  journal = {AIAA J. Guidance, Control, and Dynamics},
  pages = {1--14},
  title = {Reachability-Based Safety and Goal Satisfaction of Unmanned Aerial Platoons on Air Highways},
  year = {2017}
}

@inproceedings{Chen15b,
  author = {Chen, M. and Hu, Q. and Mackin, C. and Fisac, J.F. and Tomlin, C.J.},
  booktitle = {Proc. IEEE Conf. Decision and Control},
  title = {{Safe platooning of unmanned aerial vehicles via reachability}},
  year = {2015}
}

@article{Chen2016d,
  author = {Chen, M. and Bansal, S. and Fisac, J.F. and Tomlin, C.J.},
  title = {{Robust Sequential Path Planning Under Disturbances and Adversarial Intruder}},
  journal = {IEEE Trans. Control Syst. Technol.},
  year = {to appear}
}

@article{Mitchell03,
  author = {Mitchell, I.M. and Tomlin, C.J.},
  journal = {J. Scientific Computing},
  number = {1-3},
  pages = {323--346},
  title = {Overapproximating Reachable Sets by {Hamilton-Jacobi} Projections},
  volume = {19},
  year = {2003}
}

@article{Kaynama2011,
  author = {Kaynama, S. and Oishi, M.},
  journal = {Int. J. Control},
  number = {1},
  pages = {165--179},
  title = {Complexity reduction through a {Schur-based} decomposition for reachability analysis of linear time-invariant systems},
  volume = {84},
  year = {2011}
}

@article{Kaynama2013,
  author = {Kaynama, S. and Oishi, M.},
  journal = {IEEE Trans. Autom. Control},
  number = {11},
  pages = {2878--2892},
  title = {A Modified {Riccati} Transformation for Decentralized Computation of the Viability Kernel Under {LTI} Dynamics},
  volume = {58},
  year = {2013}
}

@article{Chow2017,
  author = {Chow, Y.T. and Darbon, J. and Osher, S. and Yin, W.},
  journal = {J. Scientific Computing},
  title = {Algorithm for Overcoming the Curse of Dimensionality For Time-Dependent Non-convex {Hamilton–Jacobi} Equations Arising From Optimal Control and Differential Games Problems},
  pages={1--27},
  year = {2016}
}

@article{Jiang2016,
archivePrefix = {arXiv},
arxivId = {1611.03158},
author = {Jiang, F. and Chou, G. and Chen, M. and Tomlin, C.J.},
title = {Using Neural Networks to Compute Approximate and Guaranteed Feasible {Hamilton-Jacobi-Bellman PDE} Solutions},
url = {http://arxiv.org/abs/1611.03158},
year = {2016}
}

@article{Royo2016,
archivePrefix = {arXiv},
arxivId = {1611.02739},
author = {Royo, V. Rubies and Tomlin, C.J.},
title = {Recursive Regression with Neural Networks: Approximating the {HJI PDE} Solution},
url = {http://arxiv.org/abs/1611.02739},
year = {2016}
}

@inproceedings{Niarchos2006,
author = {Niarchos, K. N. and Lygeros, J.},
booktitle = {Proc. IEEE Conf. Decision and Control},
title = {A Neural Approximation to Continuous Time Reachability Computations},
year = {2006}
}

@inproceedings{Djeridane2006,
author = {Djeridane, B. and Lygeros, J.},
booktitle = {Proc. IEEE Conf. Decision and Control},
title = {Neural approximation of {PDE} solutions: An application to reachability computations},
year = {2006}
}

@article{Chen17,
author = {Chen, M. and Zhou, Z. and Tomlin, C.J.},
journal = {IEEE Trans. Autom. Control},
number = {3},
pages = {1451--1457},
title = {Multiplayer Reach-Avoid Games via Pairwise Outcomes},
volume = {62},
year = {2017}
}

@article{Chen2017a,
  archivePrefix = {arXiv},
  arxivId = {1705.04585},
  author = {Chen, M. and Bansal, S. and Tanabe, K. and Tomlin, C.J.},
  eprint = {1705.04585},
  title = {Provably Safe and Robust Drone Routing via Sequential Path Planning: A Case Study in {San Francisco and the Bay Area}},
  url = {http://arxiv.org/abs/1705.04585},
  year = {2017}
}

@article{Coogan2017,
  author = {Coogan, S. and Arcak, M. and Belta, C.},
  journal = {IEEE Control Systems},
  number = {2},
  pages = {109--128},
  title = {Formal Methods for Control of Traffic Flow: Automated Control Synthesis from Finite-State Transition Models},
  volume = {37},
  year = {2017}
}

@article{Jha2017,
  author = {Jha, S. and Raman, V. and Sadigh, D. and Seshia, S.A.},
  journal = {J. Automated Reasoning},
  title = {Safe Autonomy Under Perception Uncertainty Using Chance-Constrained Temporal Logic},
  year = {2017}
}

@article{Bolton2013,
  author = {Bolton, M.L. and Bass, E.J. and Siminiceanu, R.I.},
  journal = {IEEE Trans. Syst. Man Cybern. A., Syst. Humans},
  number = {3},
  pages = {488--503},
  title = {Using Formal Verification to Evaluate Human-Automation Interaction: A Review},
  volume = {43},
  year = {2013}
}

@book{Baier2008,
  address = {Cambridge, MA},
  author = {Baier, C. and Katoen, J.P. and Larsen, K.G.},
  publisher = {MIT Press},
  title = {Principles of Model Checking},
  year = {2008}
}

@book{Belta2017,
  author = {Belta, C. and Yordanov, B. and Gol, E.A.},
  publisher = {Springer International Publishing},
  series = {Studies in Systems, Decision and Control},
  title = {Formal Methods for Discrete-Time Dynamical Systems},
  volume = {89},
  year = {2017}
}

@article{Seatzu2006,
  author = {Seatzu, C. and Gromov, D. and Raisch, J. and Corona, D. and Giua, A.},
  journal = {Nonlinear Analysis: Theory, Methods {\&} Applications},
  number = {6},
  pages = {1188--1210},
  title = {Optimal control of discrete-time hybrid automata under safety and liveness constraints},
  volume = {65},
  year = {2006}
}

@article{Liu2016,
  author = {Liu, J. and Ozay, N.},
  journal = {Nonlinear Analysis: Hybrid Systems},
  pages = {1--15},
  title = {Finite abstractions with robustness margins for temporal logic-based control synthesis},
  volume = {22},
  year = {2016}
}

@article{Fainekos2009,
  author = {Fainekos, G.E. and Girard, A. and Kress-Gazit, H. and Pappas, G.J.},
  journal = {Automatica},
  number = {2},
  pages = {343--352},
  title = {Temporal logic motion planning for dynamic robots},
  volume = {45},
  year = {2009}
}

@inproceedings{Duggirala2015,
  author = {Duggirala, P.S. and Mitra, S. and Viswanathan, M. and Potok, M.},
  booktitle = {Proc. Int. Conf. Tools and Algorithms for the Construction and Analysis of Systems},
  title = {{C2E2}: A Verification Tool for Stateflow Models},
  year = {2015}
}

@inproceedings{Kong2015a,
  author = {Kong, S. and Gao, S. and Chen, W. and Clarke, E.},
  booktitle = {Proc. Int. Conf. Tools and Algorithms for the Construction and Analysis of Systems},
  title = {{dReach: $\delta$-Reachability} Analysis for Hybrid Systems},
  url = {http://link.springer.com/10.1007/978-3-662-46681-0{\_}15},
  year = {2015}
}

@phdthesis{Parrilo2000,
  author = {Parrilo, P.A.},
  school = {California Institute of Technology},
  title = {Structured semidefinite programs and semialgebraic geometry methods in robustness and optimization},
  type = {Ph.D. Dissertation},
  url = {http://resolver.caltech.edu/CaltechETD:etd-05062004-055516},
  year = {2000}
}

@article{Majumdar2017,
  author = {Majumdar, A. and Tedrake, R.},
  journal = {Int. J. Robotics Research},
  number = {8},
  pages = {947--982},
  title = {Funnel libraries for real-time robust feedback motion planning},
  volume = {36},
  year = {2017}
}

@inproceedings{Barry2012,
  author = {Barry, A.J. and Majumdar, A. and Tedrake, R.},
  booktitle = {Proc. IEEE Int. Conf. Robotics and Automation},
  title = {{Safety verification of reactive controllers for UAV flight in cluttered environments using barrier certificates}},
  year = {2012}
}

@inproceedings{Majumdar2013,
  author = {Majumdar, A. and Ahmadi, A.A. and Tedrake, R.},
  booktitle = {Proc. IEEE Int. Conf. Robotics and Automation},
  title = {{Control design along trajectories with sums of squares programming}},
  year = {2013}
}

@article{Tedrake2010,
  author = {Tedrake, R. and Manchester, I.R. and Tobenkin, M. and Roberts, J.W.},
  journal = {Int. J. Robotics Research},
  number = {8},
  pages = {1038--1052},
  title = {{LQR}-trees: Feedback Motion Planning via Sums-of-Squares Verification},
  volume = {29},
  year = {2010}
}

@inproceedings{Frehse2011,
  author = {Frehse, G. and {Le Guernic}, C. and Donz{\'{e}}, A. and Cotton, S. and Ray, R. and Lebeltel, O. and Ripado, R. and Girard, A. and Dang, T. and Maler, O.},
  title = {{SpaceEx}: Scalable Verification of Hybrid Systems},
  booktitle = {Proc. Int. Conf. Computer Aided Verification},
  year = {2011}
}

@article{Kurzhanski02,
  author = {Kurzhanski, A.B. and Varaiya, P.},
  journal = {Optimization Methods and Software},
  number = {2},
  pages = {207--237},
  title = {On Ellipsoidal Techniques for Reachability Analysis. {Part II}: Internal Approximations Box-valued Constraints},
  volume = {17},
  year = {2002}
}

@article{Kurzhanski00,
  author = {Kurzhanski, A.B. and Varaiya, P.},
  doi = {10.1016/S0167-6911(00)00059-1},
  journal = {Systems {\&} control letters},
  number = {3},
  pages = {201--211},
  title = {{Ellipsoidal techniques for reachability analysis: internal approximation}},
  volume = {41},
  year = {2000}
}

@article{Maidens13,
  author = {Maidens, J.N. and Kaynama, S. and Mitchell, I.M. and Oishi, M. and Dumont, G.A.},
  journal = {Automatica},
  number = {7},
  pages = {2017--2029},
  title = {{Lagrangian methods for approximating the viability kernel in high-dimensional systems}},
  volume = {49},
  year = {2013}
}

@inproceedings{Chen2013,
  author = {Chen, X. and {\'{A}}brah{\'{a}}m, E. and Sankaranarayanan, S.},
  title = {{Flow*}: An Analyzer for Non-linear Hybrid Systems},
  booktitle = {Proc. Int. Conf. Computer Aided Verification},
  year = {2013}
}

@inproceedings{Althoff2015,
  author = {Althoff, M.},
  booktitle = {Proc. ARCH@ CPSWeek},
  title = {An Introduction to {CORA 2015}},
  year = {2015}
}

@inbook{Majumdar13,
  author = {Majumdar, A. and Vasudevan, R. and Tobenkin, M.M. and Tedrake, R.},
  booktitle = {Int. J. Robotics Research},
  number = {9},
  pages = {1209--1230},
  title = {{Convex optimization of nonlinear feedback controllers via occupation measures}},
  volume = {33},
  year = {2014}
}

@inproceedings{Dreossi16,
  author = {Dreossi, T. and Dang, T. and Piazza, C.},
  booktitle = {Proc. ACM Int. Conf. Hybrid Systems: Computation and Control},
  title = {Parallelotope Bundles for Polynomial Reachability},
  year = {2016}
}

@incollection{Fan2016,
  author = {Fan, C. and Qi, B. and Mitra, S. and Viswanathan, M. and Duggirala, P.S.},
  booktitle = {Proc. Int. Conf. Computer Aided Verification},
  title = {Automatic Reachability Analysis for Nonlinear Hybrid Models with {C2E2}},
  year = {2016}
}

@inproceedings{Duggirala2016,
author={Duggirala, P.S. and Fan, C. and Potok, M. and Qi, B. and Mitra, S. and Viswanathan, M. and Bak, S. and Bogomolov, S. and Johnson, T.T. and Nguyen, L.V. and others},
  booktitle = {Proc. Conf. Control Applications},
  title = {Tutorial: Software tools for hybrid systems verification, transformation, and synthesis: {C2E2, HyST, and TuLiP}},
  year = {2016}
}

@article{henrion2014convex,
  title={Convex computation of the region of attraction of polynomial control systems},
  author={Henrion, D. and Korda, M.},
  journal={IEEE Trans. Autom. Control},
  volume={59},
  number={2},
  pages={297--312},
  year={2014},
}

@article{lygeros2004reachability,
  title={On reachability and minimum cost optimal control},
  author={Lygeros, J.},
  journal={Automatica},
  volume={40},
  number={6},
  pages={917--927},
  year={2004}
}

@article{Aswani2013,
  author = {Aswani, A. and Gonzalez, H. and Sastry, S.S. and Tomlin, C.J.},
  journal = {Automatica},
  number = {5},
  pages = {1216--1226},
  title = {{Provably safe and robust learning-based model predictive control}},
  volume = {49},
  year = {2013}
}

@inproceedings{Reynolds2001,
  author = {Reynolds, M.},
  title = {Continuous Temporal Models},
  booktitle = {Proc. Australian Joint Conf. Artificial Intelligence},
  year = {2001}
}

@misc{UAVspecs1,
author = {{3D Robotics}},
title = {Solo Specs: Just the facts},
url = {https://news.3dr.com/solo-specs-just-the-facts-14480cb55722\#.w7057q926},
year = {2015}
}

@misc{UAVspecs2,
author = {{New Atlas}},
title = {{Amazon Prime Air}},
url = {http://newatlas.com/amazon-new-delivery-drones-us-faa-approval/36957/},
}

@misc{Windscale,
author = {{Wikipedia}},
title = {{Beaufort scale}},
url = {https://en.wikipedia.org/wiki/Beaufort\texttt{\_}scale\#Modern\texttt{\_}scale},
}