@book{Coddington55,
  author = {Coddington, Earl A and Levinson, Norman},
  publisher = {Tata McGraw-Hill Education},
  title = {{Theory of ordinary differential equations}},
  year = {1955}
}

@inproceedings{Chen15,
  title = {Safe Sequential Path Planning of Multi-Vehicle Systems via Double-Obstacle Hamilton-Jacobi-Isaacs Variational Inequality},
  author = {Mo Chen and Jaime Fisac and Claire J. Tomlin and Shankar Sastry},
  booktitle = {European Control Conference},
  year = {2015}
}

@article{Mitchell05,
  title={A time-dependent {Hamilton-Jacobi} formulation of reachable sets for continuous dynamic games},
  author={Mitchell, I.M. and Bayen, A.M. and Tomlin, C.J.},
  journal={IEEE Transactions on Automatic Control},
  year={July 2005},
  volume={50},
  number={7},
  pages={947-957},
  doi={10.1109/TAC.2005.851439}
}

@article{Crandall83,
  title = {Viscosity Solutions of {Hamilton-Jacobi} Equations},
  author = {Crandall, Michael G. and Lions, Pierre-Louis},
  journal = {Transactions of the American Mathematical Society},
  volume = {277},
  number = {1},
  pages = {1-42},
  year = {1983},
  publisher = {American Mathematical Society}
}

@inproceedings{Fisac15,
  title = {Reach-Avoid Problems with Time-Varying Dynamics, Targets and   Constraints},
  author = {Jaime F. Fisac and Mo Chen and Claire J. Tomlin and S. Shankar Shankar},
  booktitle = {18th International Conference on Hybrid Systems: Computation and Controls},
  year = {2015}
}