@techreport{FAA13,
author = {{Joint Planning and Development Office}},
institution = {Federal Aviation Admin.},
title = {{Unmanned Aircraft Systems (UAS) Comprehensive Plan}},
year = {2014}
}

@inproceedings{Kopardekar16,
  author = {Prevot, Thomas and Rios, Joseph and Kopardekar, Parimal and {Robinson III}, John E. and Johnson, Marcus and Jung, Jaewoo},
  booktitle = {Proc. AIAA Aviation Technology, Integration, and Operations Conf.},
  title = {{UAS Traffic Management (UTM) Concept of Operations to Safely Enable Low Altitude Flight Operations}},
  year = {2016}
}


@article{Fiorini98,
  author = {Fiorini, Paolo and Shiller, Zvi},
  doi = {10.1177/027836499801700706},
  journal = {Int. J. Robotics Research},
  month = {Jul.},
  number = {7},
  pages = {760--772},
  title = {{Motion Planning in Dynamic Environments Using Velocity Obstacles}},
  volume = {17},
  year = {1998}
}


@inproceedings{Chasparis05,
  author = {Chasparis, G.C. and Shamma, J.S.},
  booktitle = {Proc. IEEE Amer. Control Conf.},
  title = {{Linear-programming-based multi-vehicle path planning with adversaries}},
  year = {2005}
}


@inproceedings{Vandenberg08,
  author = {van den Berg, Jur and {Ming Lin} and Manocha, Dinesh},
  booktitle = {Proc. IEEE Int. Conf. Robotics and Automation},
  title = {{Reciprocal Velocity Obstacles for real-time multi-agent navigation}},
  year = {2008}
}


@inproceedings{Ahmadzadeh2009,
  author = {Ahmadzadeh, A. and Motee, N. and Jadbabaie, A. and Pappas, G.},
  booktitle = {Proc. IEEE Int. Conf. Robotics and Automation},
  doi = {10.1109/ROBOT.2009.5152520},
  isbn = {978-1-4244-2788-8},
  month = {May},
  pages = {2449--2454},
  title = {{Multi-vehicle path planning in dynamically changing environments}},
  year = {2009}
}

@inproceedings{Feng-LiLian2002,
  author = {{Feng-Li Lian} and Murray, R.},
  booktitle = {Proc. IEEE Conf. Decision and Control},
  title = {{Real-time trajectory generation for the cooperative path planning of multi-vehicle systems}},
  year = {2002}
}

@inproceedings{Bellingham,
  author = {Bellingham, J.S. and Tillerson, M and Alighanbari, M and How, J.P.},
  booktitle = {Proc. IEEE Conf. Decision and Control},
  title = {{Cooperative path planning for multiple UAVs in dynamic and uncertain environments}},
  year = {2002}
}


@article{Olfati-Saber2002,
  author = {Olfati-Saber, Reza and Murray, Richard M.},
  doi = {10.3182/20020721-6-ES-1901.00244},
  journal = {IFAC Proc. Volumes},
  number = {1},
  pages = {495--500},
  title = {DISTRIBUTED COOPERATIVE CONTROL OF MULTIPLE VEHICLE FORMATIONS USING STRUCTURAL POTENTIAL FUNCTIONS},
  volume = {35},
  year = {2002}
}

@inproceedings{Chuang07,
  author = {Chuang, Yao Li and Huang, Yuan R. and D'Orsogna, Maria R. and Bertozzi, Andrea L.},
  booktitle = {Proc. IEEE Int. Conf. Robotics and Automation},
  title = {{Multi-vehicle flocking: Scalability of cooperative control algorithms using pairwise potentials}},
  year = {2007}
}

@article{Barron90,
  author = {Barron, E.N.},
  doi = {10.1016/0362-546X(90)90113-U},
  journal = {Nonlinear Analysis: Theory, Methods {\&} Applications},
  month = {Jun.},
  number = {11},
  pages = {971--989},
  title = {{Differential games with maximum cost}},
  volume = {14},
  year = {1990}
}


@article{Mitchell05,
  author = {Mitchell, I.M. and Bayen, A.M. and Tomlin, C.J.},
  doi = {10.1109/TAC.2005.851439},
  journal = {IEEE Trans. Autom. Control},
  month = {Jul.},
  number = {7},
  pages = {947--957},
  title = {{A time-dependent Hamilton-Jacobi formulation of reachable sets for continuous dynamic games}},
  volume = {50},
  year = {2005}
}

@article{Bokanowski10,
  author = {Bokanowski, Olivier and Forcadel, Nicolas and Zidani, Hasnaa},
  doi = {10.1137/090762075},
  journal = {SIAM J. Control and Optimization},
  month = {Jan.},
  number = {7},
  pages = {4292--4316},
  title = {{Reachability and Minimal Times for State Constrained Nonlinear Problems without Any Controllability Assumption}},
  volume = {48},
  year = {2010}
}

@article{Bokanowski11,
  author = {Bokanowski, Olivier and Zidani, Hasnaa},
  doi = {10.3182/20110828-6-IT-1002.02261},
  journal = {IFAC Proc. Volumes},
  month = {Jan.},
  number = {1},
  pages = {2589--2593},
  title = {MINIMAL TIME PROBLEMS WITH MOVING TARGETS AND OBSTACLES},
  volume = {44},
  year = {2011}
}

@article{Margellos11,
  author = {Margellos, Kostas and Lygeros, John},
  doi = {10.1109/TAC.2011.2105730},
  journal = {IEEE Trans. Autom. Control},
  month = {Aug.},
  number = {8},
  pages = {1849--1861},
  title = {{Hamilton–Jacobi Formulation for Reach–Avoid Differential Games}},
  volume = {56},
  year = {2011}
}

@inproceedings{Fisac15,
  author = {Fisac, Jaime F. and , Mo and Tomlin, Claire J. and Sastry, S. Shankar},
  booktitle = {Proc. ACM Int. Conf. Hybrid Systems: Computation and Control},
  title = {{Reach-avoid problems with time-varying dynamics, targets and constraints}},
  year = {2015}
}

@inproceedings{Ding08,
  author = {Ding, Jerry and Sprinkle, Jonathan and Sastry, S. Shankar and Tomlin, Claire J.},
  booktitle = {Proc. IEEE Conf. Decision and Control},
  title = {{Reachability calculations for automated aerial refueling}},
  year = {2008}
}

@inproceedings{Huang11,
  author = {Huang, Haomiao and Ding, Jerry and Zhang, Wei and Tomlin, Claire J.},
  booktitle = {Proc. IEEE Int. Conf. Robotics and Automation},
  title = {{A differential game approach to planning in adversarial scenarios: A case study on capture-the-flag}},
  year = {2011}
}

@article{Bayen07,
  author = {Bayen, Alexandre M. and Mitchell, Ian M. and Osihi, Meeko K. and Tomlin, Claire J.},
  doi = {10.2514/1.21562},
  journal = {AIAA J. Guidance, Control, and Dynamics},
  month = {Jan.},
  number = {1},
  pages = {68--77},
  title = {{Aircraft Autolander Safety Analysis Through Optimal Control-Based Reach Set Computation}},
  volume = {30},
  year = {2007}
}

@book{EarlA.Coddington1955,
  author = {Earl A. Coddington and Norman Levinson},
  publisher = {McGraw-Hill},
  title = {{Theory of ordinary differential equations}},
  year = {1955},
  note = {{pp. 1--42}},
  address = {New York},
}

@inproceedings{Chen15c,
  author = {Chen, Mo and Fisac, Jaime F. and Sastry, Shankar and Tomlin, Claire J.},
  booktitle = {Proc. IEEE European Control Conf.},
  title = {{Safe sequential path planning of multi-vehicle systems via double-obstacle Hamilton-Jacobi-Isaacs variational inequality}},
  year = {2015}
}

@article{Mitchell07b,
  author = {Mitchell, Ian M.},
  doi = {10.1007/s10915-007-9174-4},
  journal = {J. Scientific Computing},
  month = {Jun.},
  number = {2-3},
  pages = {300--329},
  title = {{The Flexible, Extensible and Efficient Toolbox of Level Set Methods}},
  volume = {35},
  year = {2008}
}

@book{Osher02,
  author = {Stanley Osher and Ronald Fedkiw},
  title = {Level Set Methods and Dynamic Implicit Surfaces},
  publisher = {Springer-Verlag},
  year = {2002},
  address = {New York},
  note = {{eds. S.S. Antman, J.E. Marsden, L. Sirovich. pp. 47--54}},  
}

@article{Sethian96,
  author = {Sethian, J A},
  doi = {10.1073/pnas.93.4.1591},
  journal = {Proc. Nat. Academy Sci.},
  month = {Feb.},
  number = {4},
  pages = {1591--1595},
  title = {{A fast marching level set method for monotonically advancing fronts.}},
  volume = {93},
  year = {1996}
}


@phdthesis{Mitchell02,
  author = {Mitchell, Ian M.},
  school = {Stanford University},
  title = {{Application of Level Set Methods to Control and Reachability Problems in Continuous and Hybrid Systems}},
  year = {2002}
}

@inproceedings{Hoffmann2008,
  author = {Hoffmann, Gabriel M. and Tomlin, Claire J.},
  booktitle = {Proc. IEEE Conf. Decision and Control},
  title = {{Decentralized cooperative collision avoidance for acceleration constrained vehicles}},
  year = {2008}
}

@inproceedings{Bansal2017,
  author = {Bansal, Somil and Chen, Mo and Fisac, Jaime F. and Tomlin, Claire J.},
  booktitle = {Proc. Amer. Control Conf.},
  title = {{Safe Sequential Path Planning of Multi-Vehicle Systems Under Presence of Disturbances and Imperfect Information}},
  year = {2017}
}

@inproceedings{Lalish2008,
  author = {Lalish, Emmett and Morgansen, Kristi A. and Tsukamaki, Takashi},
  booktitle = {Proc. IEEE Amer. Control Conf.},
  title = {{Decentralized reactive collision avoidance for multiple unicycle-type vehicles}},
  year = {2008}
}

@inproceedings{Chen2016,
  author = {Chen, Mo and Shih, Chia-Yin and Tomlin, Claire J.},
  booktitle = {Proc. IEEE Conf. Decision and Control},
  title = {{Multi-Vehicle Collision Avoidance via Hamilton-Jacobi Reachability and Mixed Integer Programming}},
  year = {2016}
}

@article{Wu2012,
  author = {Wu, Albert and How, Jonathan P.},
  doi = {10.1007/s10514-011-9266-8},
  journal = {Autonomous Robots},
  month = {Apr.},
  number = {3},
  pages = {227--242},
  title = {{Guaranteed infinite horizon avoidance of unpredictable, dynamically constrained obstacles}},
  volume = {32},
  year = {2012}
}

@inproceedings{Lin2015,
  author = {Lin, Yucong and Saripalli, Srikanth},
  booktitle = {Proc. IEEE Int. Conf. Unmanned Aircraft Syst.},
  title = {{Collision avoidance for UAVs using reachable sets}},
  year = {2015}
}


@inproceedings{Althoff2011,
  author = {Althoff, Matthias and Dolan, John M.},
  booktitle = {Proc. IEEE Int. Conf. Intell. Transportation Syst.},
  title = {{Set-based computation of vehicle behaviors for the online verification of autonomous vehicles}},
  year = {2011}
}


@inproceedings{Massink2001,
  author = {Massink, M and {De Francesco}, N.},
  booktitle = {Proc. IEEE Int. Conf. Eng. Complex Comput. Syst.},
  title = {{Modelling free flight with collision avoidance}},
  year = {2001}
}


@article{Stipanovic2007,
  author = {Stipanović, Dušan M. and Hokayem, Peter F. and Spong, Mark W. and Šiljak, Dragoslav D.},
  doi = {10.1115/1.2764510},
  journal = {ASME J. Dynamic Syst., Measurement, and Control},
  number = {5},
  pages = {699},
  title = {{Cooperative Avoidance Control for Multiagent Systems}},
  volume = {129},
  year = {2007}
}

@inproceedings{Beard2003,
  author = {Beard, R.W. and McLain, TW},
  booktitle = {Proc. IEEE Conf. Decision and Control},
  title = {{Multiple UAV cooperative search under collision avoidance and limited range communication constraints}},
  year = {2003}
}

@inproceedings{Schouwenaars2004,
  author = {Schouwenaars, Tom and Feron, Eric},
  booktitle = {Proc. AIAA Guidance, Navigation, and Control Conf. and Exhibit},
  title = {{Decentralized Cooperative Trajectory Planning of Multiple Aircraft with Hard Safety Guarantees}},
  year = {2004}
}

@inproceedings{VandenBerg2005,
  author = {van den Berg, J.P. and Overmars, M.H.},
  booktitle = {Proc. IEEE/RSJ Int. Conf. Intell. Robots and Syst.},
  title = {{Prioritized motion planning for multiple robots}},
  year = {2005}
}

@article{Erdmann1987,
  author = {Erdmann, Michael and Lozano-P{\'{e}}rez, Tom{\'{a}}s},
  doi = {10.1007/BF01840371},
  journal = {Algorithmica},
  month = {Nov.},
  number = {1-4},
  pages = {477--521},
  title = {{On multiple moving objects}},
  volume = {2},
  year = {1987}
}

@article{bansal2017hamilton,
  title={{Hamilton-Jacobi} Reachability: A Brief Overview and Recent Advances},
  booktitle = {Proc. IEEE Conf. Decision and Control},
  author={Bansal, Somil and Chen, Mo and Herbert, Sylvia and Tomlin, Claire J},
  year={2017}
}

@inproceedings{Giese2014,
  author = {Giese, Andrew and Latypov, Daniel and Amato, Nancy M.},
  booktitle = {Proc. IEEE Int. Conf. on Robotics and Automation},
  title = {{Reciprocally-Rotating Velocity Obstacles}},
  year = {2014}
}

@article{Zhou2017,
  author = {Zhou, Dingjiang and Wang, Zijian and Bandyopadhyay, Saptarshi and Schwager, Mac},
  doi = {10.1109/LRA.2017.2656241},
  journal = {IEEE Robotics and Automation Lett.},
  month = {Apr.},
  number = {2},
  pages = {1047--1054},
  title = {{Fast, On-line Collision Avoidance for Dynamic Vehicles Using Buffered Voronoi Cells}},
  volume = {2},
  year = {2017}
}

@article{Pallottino2007,
  author = {Pallottino, Lucia and Scordio, Vincenzo G. and Bicchi, Antonio and Frazzoli, Emilio},
  doi = {10.1109/TRO.2007.909810},
  journal = {IEEE Trans. Robotics},
  month = {Dec.},
  number = {6},
  pages = {1170--1183},
  title = {{Decentralized Cooperative Policy for Conflict Resolution in Multivehicle Systems}},
  volume = {23},
  year = {2007}
}

@article{LaValle1998a,
  author = {LaValle, S.M. and Hutchinson, S.A.},
  doi = {10.1109/70.736775},
  journal = {IEEE Trans. Robot. Autom.},
  number = {6},
  pages = {912--925},
  title = {{Optimal motion planning for multiple robots having independent goals}},
  volume = {14},
  year = {1998}
}

@inproceedings{Mellinger2012a,
  author = {Mellinger, Daniel and Kushleyev, Alex and Kumar, Vijay},
  booktitle = {Proc. IEEE Int. Conf. Robotics and Automation},
  title = {{Mixed-integer quadratic program trajectory generation for heterogeneous quadrotor teams}},
  year = {2012}
}
