%%%%%%%%%%%%%%%%%%%%%
%%%%%%% THEORY %%%%%%%
%%%%%%%%%%%%%%%%%%%%%
@book{coddington55,
author = {Coddington, Earl A and Levinson, Norman},
publisher = {Tata McGraw-Hill Education},
title = {{Theory of ordinary differential equations}},
year = {1955}
}

@article{evans84,
 title = {Differential games and representation formulas for solutions of {Hamilton-Jacobi-Isaacs} equations},
 author = {Evans, L. C. and Souganidis, P. E.},
 journal = {Indiana University Mathematics Journal},
 volume = {33},
 number = {5},
 pages = "773-797",
 year = {1984},
}

@article{crandall84,
author = {Crandall, M. G. and Evans, L. C. and Lions, P. L.},
doi = {10.2307/1999247},
issn = {00029947},
journal = {Transactions of the American Mathematical Society},
month = apr,
number = {2},
pages = {487},
title = {Some Properties of Viscosity Solutions of Hamilton-Jacobi Equations},
volume = {282},
year = {1984}
}

@article{barron89,
author = {Barron, EN and Ishii, H},
journal = {Nonlinear Analysis: Theory, Methods \& Applications},
title = {{The Bellman equation for minimizing the maximum cost}},
year = {1989}
}

@article{barron90,
author = {Barron, EN},
journal = {Nonlinear analysis: Theory, methods \& applications},
pages = {971--989},
title = {{Differential Games with Maximum Cost}},
year = {1990}
}

@book{callier98,
author = {Callier, Frank M. and Desoer, Charles A.},
title = {{Linear System Theory}},
year = {1998}
}

@article{bokanowski10,
author = {Bokanowski, Olivier and Forcadel, Nicolas and Zidani, Hasnaa},
journal = {SIAM Journal on Control and \ldots},
pages = {1--24},
title = {{Reachability and minimal times for state constrained nonlinear problems without any controllability assumption}},
year = {2010}
}

@article{bokanowski11,
author = {Bokanowski, Olivier and Zidani, Hasnaa},
journal = {18th IFAC World Congress},
title = {{Minimal time problems with moving targets and obstacles}},
year = {2011}
}

@article{fisac15,
archivePrefix = {arXiv},
arxivId = {1410.6445},
author = {Fisac, Jaime F. and Chen, Mo and Tomlin, Claire J. and Sastry, S. Shankar},
eprint = {1410.6445},
journal = {Submitted to 18th International Conference on Hybrid Systems: Computation and Control (under review)},
url = {http://arxiv.org/abs/1410.6445},
year = {2015}
}


%%%%%%%%%%%%%%%%%%%%%%%%%%%%
%%%%%%% APPLICATION %%%%%%%
%%%%%%%%%%%%%%%%%%%%%%%%%%%%
@ARTICLE{paglione99,
	title={Generic Metrics for the Estimation of the Prediction Accuracy of Aircraft to Aircraft Conflicts by a Strategic Conflict Probe Tool},
	author={Mike M. Paglione, Mary Lee Cale, and Hollis F. Ryan},
	journal={Air Traffic Control Quarterly},
	year={1999},
}

@ARTICLE{tice91,
	title={Unmanned Aerial Vehicles -- The Force Multiplier of the 1990s},
	author={Tice, Brian P.},
	journal={Airpower Journal},
	year={Spring 1991},
}

@online{primeAir,
  author = {{Amazon.com, Inc.}},
  title = {Amazon Prime Air},
  year = 2014,
  url = {http://www.amazon.com/b?node=8037720011},
  urldate = {2014-10-17}
}

@online{projectWing,
  author = {Stewart, Jack},
  title = {{Google tests drone deliveries in Project Wing trials}},
  year = 2014,
  url = {http://www.bbc.com/news/technology-28964260},
  urldate = {2014-10-17}
}

@techreport{faa13,
  author = {{Jointed Planning and Development Office (JPDO)}},
  title = {Unmanned Aircraft Systems {(UAS)} Comprehensive Plan -- A Report on the Nation's {UAS} Path Forward},
  institution = {Federal Aviation Administration},
  year = {September 2013}
}

@INPROCEEDINGS{debusk10, 
author={Wesley M. Debusk}, 
booktitle={Infotech@Aerospace Conferences}, 
title={Unmanned Aerial Vehicle Systems for Disaster Relief: Tornado Alley}, 
year={2010}, 
}

@ARTICLE{fiorini98,
    author = {Paolo Fiorini and Zvi Shillert},
    title = {Motion Planning in Dynamic Environments using Velocity Obstacles},
    journal = {International Journal of Robotics Research},
    year = {1998},
    volume = {17},
    pages = {760--772}
}

@INPROCEEDINGS{vandenberg08, 
author={van den Berg, J. and Ming Lin and Manocha, D.}, 
booktitle={Robotics and Automation, 2008. ICRA 2008. IEEE International Conference on}, 
title={Reciprocal Velocity Obstacles for real-time multi-agent navigation}, 
year={2008}, 
month={May}, 
pages={1928-1935}, 
doi={10.1109/ROBOT.2008.4543489}, 
ISSN={1050-4729},}

@INPROCEEDINGS{chasparis05, 
author={Chasparis, Georgios C. and Shamma, J.S.}, 
booktitle={Proceedings of American Control Conference}, 
title={Linear-programming-based multi-vehicle path planning with adversaries}, 
year={2005}, 
month={June}, 
doi={10.1109/ACC.2005.1470103}, 
ISSN={0743-1619},}

@INPROCEEDINGS{saber02,
    author = {Reza Olfati-Saber and Richard M. Murray},
    title = {Distributed Cooperative Control of Multiple Vehicle Formations Using Structural Potential Functions},
    booktitle = {in IFAC World Congress},
    year = {2002}
}

@INPROCEEDINGS{chuang07, 
author={Yao-Li Chuang and Huang, Y.R. and D'Orsogna, M.R. and Bertozzi, A.L.}, 
booktitle={Robotics and Automation, 2007 IEEE International Conference on}, 
title={Multi-Vehicle Flocking: Scalability of Cooperative Control Algorithms using Pairwise Potentials}, 
year={2007}, 
month={April}, 
pages={2292-2299}, 
doi={10.1109/ROBOT.2007.363661}, 
ISSN={1050-4729},}

@ARTICLE{mitchell05,
	title={A time-dependent {Hamilton-Jacobi} formulation of reachable sets for continuous dynamic games},
	author={Mitchell, I.M. and Bayen, A.M. and Tomlin, C.J.},
	journal={IEEE Transactions on Automatic Control},
	year={July 2005},
	volume={50},
	number={7},
	pages={ 947-957},
	doi={10.1109/TAC.2005.851439},
	ISSN={}, 
}

@INPROCEEDINGS{chen14, 
author={Mo Chen and Zhengyuan Zhou and Tomlin, C.J.}, 
booktitle={Proceedings of the American Control Conference}, 
title={Multiplayer Reach-Avoid Games via Low Dimensional Solutions and Maximum Matching}, 
year={2014}, 
}

@inproceedings{ding08,
  title="Reachability Calculations for Automated Aerial Refueling",
  author="Jerry Ding and Jonathan Sprinkle and S. Shankar Sastry and Claire J. Tomlin",
  booktitle="IEEE Conference on Decision and Control",
  address="Cancun, Mexico",
  year="2008",
}

@INPROCEEDINGS{huang11, 
author={Haomiao Huang and Ding, J. and Wei Zhang and Tomlin, C.J.}, 
booktitle={Robotics and Automation (ICRA), 2011 IEEE International Conference on}, 
title={A differential game approach to planning in adversarial scenarios: A case study on capture-the-flag}, 
year={2011}, 
pages={1451-1456}, 
ISSN={1050-4729},}

%%%%%%%%%%%%%%%%%%%%%%%%%
%%%%%%% NUMERICAL %%%%%%%
%%%%%%%%%%%%%%%%%%%%%%%%%
@article{shu88,
title = "Efficient implementation of essentially non-oscillatory shock-capturing schemes",
journal = "Journal of Computational Physics ",
volume = "77",
number = "2",
pages = "439 - 471",
year = "1988",
note = "",
issn = "0021-9991",
doi = "http://dx.doi.org/10.1016/0021-9991(88)90177-5",
author = "Chi-Wang Shu and Stanley Osher"
}

@article{osher91,
     jstor_articletype = {research-article},
     title = {High-Order Essentially Nonoscillatory Schemes for Hamilton-Jacobi Equations},
     author = {Osher, Stanley and Shu, Chi-Wang},
     journal = {SIAM Journal on Numerical Analysis},
     volume = {28},
     number = {4},
     jstor_formatteddate = {Aug., 1991},
     pages = {pp. 907-922},
     ISSN = {00361429},
     year = {1991},
     publisher = {Society for Industrial and Applied Mathematics},
    }
	
@article{sethian96,
author = {Sethian, J A}, 
title = {A fast marching level set method for monotonically advancing fronts},
volume = {93}, 
number = {4}, 
pages = {1591-1595}, 
year = {1996}, 
journal = {Proceedings of the National Academy of Sciences} 
}

@Book{osher02,
  author = 	 {Stanley Osher and Ronald Fedkiw},
  title = 	 {Level Set Methods and Dynamic Implicit Surfaces},
  publisher = 	 {Springer-Verlag},
  year = 	 {2002},
  NOTE = { {ISBN}: 978-0-387-95482-0}
}

@book{osher03,
  author = {Osher, S. and Fedkiw, R.},
  publisher = {Springer Verlag},
  title = {Level Set Methods and Dynamic Implicit Surfaces},
  year = 2003
}

@Book{LSToolbox,
	AUTHOR =  "Ian Mitchell",
	TITLE = 	"{A Toolbox of Level Set Methods}",
	NOTE = "\url{http://people.cs.ubc.ca/~mitchell/ToolboxLS/index.html}",
	year = {2009},
}

%%%%%%%%%%%%%%%%%%%%%%%%%
%%%%%%% THESES %%%%%%%
%%%%%%%%%%%%%%%%%%%%%%%%%
@PHDTHESIS{mitchell-thesis,
	title={Application of Level Set Methods to Control and Reachability Problems in Continuous and Hybrid Systems},
	author={Ian Mitchell},
	school={Stanford University},
	year={2002},
}    
